@article{kisoteki,
  title = {Piv測定と3次元数値解析による小型魚ロボット周りの水の流動状態と推進能力の検討(機械力学,計測,自動制御)},
  author = {高田, 洋吾 and 中西, 志允 and 荒木, 良介 and 脇坂, 知行},
  year = {2010},
  journal = {日本機械学会論文集 C編},
  volume = {76},
  number = {763},
  pages = {665--672},
  doi = {10.1299/kikaic.76.665},
  abstract = {Swimming velocity and propulsive efficiency of fish robots are extremely low in comparison with actual living fish. Therefore, using the sea bream as a model, a flexible fish robot was developed to study its propulsion performance. The individual effects of the shape, thickness, flexibility and moving pattern of the tail fin on the propulsive force were investigated experimentally by using Particle image velocimetry (PIV) measurements and three-dimensional computational fluid dynamics (CFD). Consequently, it was confirmed that the propulsive performance of the fish robot can be improved when vortex rings are successively formed downstream of the tail fin to form a reverse Karman vortex street.},
  keywords = {Bio-Motion,Biomechanics,Computational Fluid Dynamics,Fish,Fish Robot,Moving Robot,Particle Image Velocimetry},
  file = {C:\Users\watanabe_shouta\Dropbox\zotero\高田 et al_2010_Piv測定と3次元数値解析による小型魚ロボット周りの水の流動状態と推進能力の検討(機械力学,計測,自動制御).pdf}
}

@article{平田宏一2003魚ロボットに関する基礎的研究,
  title={魚ロボットに関する基礎的研究},
  author={平田宏一 and 春海一佳 and 瀧本忠教 and 田村兼吉 and 牧野雅彦 and 児玉良明 and 冨田宏 and others},
  journal={海上技術安全研究所報告},
  volume={2},
  number={3},
  pages={281--307},
  year={2003},
  publisher={独立行政法人 海上技術安全研究所}
}

@article{柔軟外皮,
  author = {中西大輔 and 石原康平},
  journal = {ロボティクス・メカトロニクス講演会2024},
  number = {},
  title = {},
  volume = {},
  year = {2024}
}